@techreport{VanTreuren2015ABSTRACTTurbines,
    title = {{ABSTRACT Design and Experimental Testing of Small-Scale Wind Turbines}},
    year = {2015},
    author = {Van Treuren, Kenneth},
    month = {8},
    pages = {28--35},
    url = {https://www.researchgate.net/publication/265745889},
    institution = {Baylor University},
    address = {Waco},
    language = {English}
}

@incollection{Nicholas2019ActivatedMaterial,
    title = {{Activated Carbon for Shape-Stabilized Phase Change Material}},
    year = {2019},
    booktitle = {Synthesis, Technology and Applications of Carbon Nanomaterials},
    author = {Nicholas, Ahmad Fariz and Hussein, Mohd Zobir and Zainal, Zulkarnain and Khadiran, Tumirah},
    chapter = {12},
    edition = {1},
    month = {1},
    pages = {279--308},
    publisher = {Elsevier},
    address = {Amsterdam},
    isbn = {9780128157572},
    doi = {10.1016/B978-0-12-815757-2.00013-9},
    keywords = {Activated carbon, Phase change, Porosity, Shape stabilized, Surface area},
    language = {English}
}

@article{Dwivedi2020AdvancedArt,
    title = {{Advanced cooling techniques of P.V. modules: A state of art}},
    year = {2020},
    journal = {Case Studies in Thermal Engineering},
    author = {Dwivedi, Pushpendu and Sudhakar, K. and Soni, Archana and Solomin, E. and Kirpichnikova, I.},
    month = {10},
    pages = {100674},
    volume = {21},
    publisher = {Elsevier},
    doi = {10.1016/J.CSITE.2020.100674},
    issn = {2214-157X},
    keywords = {Cooling methods, Energy efficiency, Module temperature, P.V. module, PCM}
}

@article{Teo2012AnModules,
    title = {{An active cooling system for photovoltaic modules}},
    year = {2012},
    journal = {Applied Energy},
    author = {Teo, H. G. and Lee, P. S. and Hawlader, M. N.A.},
    number = {1},
    pages = {309--315},
    volume = {90},
    publisher = {Elsevier Ltd},
    url = {https://www.sciencedirect.com/science/article/pii/S0306261911000201},
    doi = {10.1016/j.apenergy.2011.01.017},
    issn = {03062619},
    keywords = {Active cooling, Cell efficiency, Hybrid photovoltaic/thermal system, Manifold design, Operating temperature},
    language = {English}
}

@techreport{Schiffmann2023AnConditions,
    title = {{An Investigation into the Effectiveness of Vortex Generator Cooling on Photovoltaic Modules under Forced Convection Conditions}},
    year = {2023},
    author = {Schiffmann, Sophie},
    month = {11},
    institution = {University of New South Wales},
    address = {Sydney},
    language = {English}
}

@misc{CircuitBread2018BandElectronics,
    title = {{Band Gap and Semiconductor Current Carriers | Intermediate Electronics}},
    year = {2018},
    booktitle = {CircuitBread},
    author = {{CircuitBread}},
    month = {9},
    url = {https://www.youtube.com/watch?v=N8MuD_xu6L4},
    language = {English}
}

@misc{CircuitBread2019ClassificationP-Type/N-Type,
    title = {{Classification of Semiconductors (Intrinsic/Extrinsic, P-Type/N-Type)}},
    year = {2019},
    booktitle = {CircuitBread},
    author = {{CircuitBread}},
    month = {8},
    url = {https://www.youtube.com/watch?v=ErcH_OuCaNY},
    language = {English}
}

@article{Shockley1961DetailedCells,
    title = {{Detailed Balance Limit of Efficiency of p-n Junction Solar Cells}},
    year = {1961},
    journal = {Journal of Applied Physics},
    author = {Shockley, William and Queisser, Hans J},
    month = {3},
    pages = {510--519},
    volume = {32}
}

@misc{Hasan2022EffectsReview,
    title = {{Effects of different environmental and operational factors on the PV performance: A comprehensive review}},
    year = {2022},
    booktitle = {Energy Science and Engineering},
    author = {Hasan, Khaled and Yousuf, Sumaiya Binty and Tushar, Mohammad Shahed Hasan Khan and Das, Barun K. and Das, Pronob and Islam, Md Saiful},
    number = {2},
    month = {2},
    pages = {656--675},
    volume = {10},
    publisher = {John Wiley and Sons Ltd},
    address = {London},
    doi = {10.1002/ese3.1043},
    issn = {20500505},
    language = {English}
}

@article{Dolara2013ExperimentalModules,
    title = {{Experimental investigation of partial shading scenarios on PV (photovoltaic) modules}},
    year = {2013},
    journal = {Energy},
    author = {Dolara, Alberto and Lazaroiu, George Cristian and Leva, Sonia and Manzolini, Giampaolo},
    month = {6},
    pages = {466--475},
    volume = {55},
    publisher = {Pergamon},
    doi = {10.1016/J.ENERGY.2013.04.009},
    issn = {0360-5442},
    keywords = {Energy, Partial shading, Photovoltaic modules, Power losses, Sustainability}
}

@incollection{Cengel2014ExternalConvection,
    title = {{External Forced Convection}},
    year = {2014},
    booktitle = {Heat and Mass Transfer: Fundamentals and Applications},
    author = {{\c{C}}engel, Yunus A. and Ghajar, Afshin J.},
    chapter = {7},
    edition = {5},
    publisher = {McGraw-Hill},
    address = {New York},
    language = {English}
}

@article{Ponticorvo2022FoulingFluid,
    title = {{Fouling Behavior and Dispersion Stability of Nanoparticle-Based Refrigeration Fluid}},
    year = {2022},
    journal = {Energies},
    author = {Ponticorvo, Eleonora and Iuliano, Mariagrazia and Cirillo, Claudia and Maiorino, Angelo and Aprea, Ciro and Sarno, Maria},
    number = {9},
    month = {5},
    volume = {15},
    publisher = {MDPI},
    doi = {10.3390/en15093059},
    issn = {19961073},
    keywords = {nanofluids, nanoparticles, nanorefrigerants, stability},
    language = {English}
}

@incollection{Cengel2014FundamentalsConvection,
    title = {{Fundamentals of Convection}},
    year = {2014},
    booktitle = {Heat and Mass Transfer: Fundamentals and Applications},
    author = {{\c{C}}engel, Yunus A. and Ghajar, Afshin J.},
    chapter = {6},
    edition = {5},
    pages = {387--390},
    publisher = {McGraw-Hill},
    address = {New York},
    language = {English}
}

@incollection{Cengel2014FundamentalsRadiation,
    title = {{Fundamentals of Thermal Radiation}},
    year = {2014},
    booktitle = {Heat and Mass Transfer: Fundamentals and Applications},
    author = {{\c{C}}engel, Yunus A. and Ghajar, Afshin J.},
    chapter = {12},
    edition = {5},
    pages = {717--810},
    publisher = {McGraw-Hill},
    address = {New York},
    language = {English}
}

@misc{HonsbergHeatModules,
    title = {{Heat Loss in PV Modules}},
    booktitle = {PVEducation},
    author = {Honsberg, Christiana and Bowden, Stuart},
    url = {https://www.pveducation.org/pvcdrom/modules-and-arrays/heat-loss-in-pv-modules},
    language = {English}
}

@article{Awais2018HeatActivities,
    title = {{Heat transfer enhancement using different types of vortex generators (VGs): A review on experimental and numerical activities}},
    year = {2018},
    journal = {Thermal Science and Engineering Progress},
    author = {Awais, Muhammad and Bhuiyan, Arafat A.},
    month = {3},
    pages = {524--545},
    volume = {5},
    publisher = {Elsevier},
    doi = {10.1016/J.TSEP.2018.02.007},
    issn = {2451-9049},
    keywords = {Compact heat exchangers (CHXs), Flow visualization, Heat transfer enhancement, Liquid crystal thermography (LCT), Vortex generators (VGs)}
}

@misc{Renewable_Tek2025HOTExplained,
    title = {{HOT Days, LESS POWER? Solar Panel Temperature Coefficient Explained!}},
    year = {2025},
    booktitle = {Renewable{\_}Tek},
    author = {{Renewable{\_}Tek}},
    month = {1},
    url = {https://www.youtube.com/watch?v=9j9NxrZOwf4},
    language = {English}
}

@misc{TED-Ed2016HowKomp,
    title = {{How do solar panels work? - Richard Komp}},
    year = {2016},
    booktitle = {TED-Ed},
    author = {{TED-Ed}},
    month = {1},
    url = {https://www.youtube.com/watch?v=xKxrkht7CpY},
    language = {English}
}

@misc{HistoryofSimpleThings2024HowWork,
    title = {{How Does a Thermal Imaging Camera Work?}},
    year = {2024},
    booktitle = {History of Simple Things},
    author = {{History of Simple Things}},
    month = {12},
    url = {https://www.youtube.com/watch?v=6UAfCCzV874&t=294s}
}

@misc{TheEngineeringMindset2020HowRTD,
    title = {{How Thermocouples Work - basic working principle + RTD}},
    year = {2020},
    booktitle = {The Engineering Mindset},
    author = {{The Engineering Mindset}},
    month = {9},
    url = {https://www.youtube.com/watch?v=v7NUi88Lxi8&t=19s},
    language = {English}
}

@article{Samykano2023HybridApplications,
    title = {{Hybrid Photovoltaic Thermal Systems: Present and Future Feasibilities for Industrial and Building Applications}},
    year = {2023},
    journal = {Buildings},
    author = {Samykano, Mahendran},
    number = {8},
    month = {8},
    volume = {13},
    publisher = {Multidisciplinary Digital Publishing Institute (MDPI)},
    doi = {10.3390/buildings13081950},
    issn = {20755309},
    keywords = {buildings, hybrid photovoltaic thermal systems, phase change materials, thermal energy storage},
    language = {English}
}

@misc{InternationalElectrotechnicalCommission2005IECApproval,
    title = {{IEC 61215:2005 - Crystalline silicon terrestrial photovoltaic (PV) modules - Design qualification and type approval}},
    year = {2005},
    booktitle = {International Electrotechnical Commission},
    author = {{International Electrotechnical Commission}},
    month = {4},
    url = {https://www.iecee.org/certification/iec-standards/iec-612152005#:~:text=Lays%20down%20requirements%20for%20the,IEC%2060721%2D2%2D1.},
    language = {English}
}

@article{Al-Masalha2024ImprovingSystems,
    title = {{Improving photovoltaic module efficiency using water sprinklers, air fans, and combined cooling systems}},
    year = {2024},
    journal = {EPJ Photovoltaics},
    author = {Al-Masalha, Ismail and Alsabagh, Abdel Salam and Badran, Omar and Alkawaldeh, Naim and Abu-Rahmeh, Taiseer M. and Al Alawin, Aiman},
    month = {10},
    volume = {15},
    publisher = {EDP Sciences},
    url = {https://epjpv.epj.org/articles/epjpv/abs/2024/01/pv20240019/pv20240019.html},
    doi = {10.1051/epjpv/2024037},
    issn = {21050716},
    keywords = {Fans cooling, Photovoltaic, Solar energy, Water cooling, Water sprays},
    language = {English}
}

@article{Murtadha2022ImprovingNanofluid,
    title = {{Improving the cooling performance of photovoltaic panels by using two passes circulation of titanium dioxide nanofluid}},
    year = {2022},
    journal = {Case Studies in Thermal Engineering},
    author = {Murtadha, Talib K. and Dil Hussein, Ali A. and Alalwany, Ahmed A.H. and Alrwashdeh, Saad S. and Al-Falahat, Ala'a M.},
    month = {8},
    pages = {102191},
    volume = {36},
    publisher = {Elsevier},
    doi = {10.1016/J.CSITE.2022.102191},
    issn = {2214-157X},
    keywords = {Concentration, Nanofluid, Output power, PV cooling},
    language = {English}
}

@article{Tattersall2016InfraredPhysiology,
    title = {{Infrared thermography: A non-invasive window into thermal physiology}},
    year = {2016},
    journal = {Comparative Biochemistry and Physiology Part A: Molecular {\&} Integrative Physiology},
    author = {Tattersall, Glenn J.},
    month = {12},
    pages = {78--98},
    volume = {202},
    publisher = {Pergamon},
    doi = {10.1016/J.CBPA.2016.02.022},
    issn = {1095-6433},
    pmid = {26945597}
}

@incollection{Cengel2014IntroductionConcepts,
    title = {{Introduction and Basic Concepts}},
    year = {2014},
    booktitle = {Heat and Mass Transfer: Fundamentals and Applications},
    author = {{\c{C}}engel, Yunus A. and Ghajar, Afshin J.},
    chapter = {1},
    edition = {5},
    pages = {2--38},
    publisher = {McGraw-Hill},
    address = {New York},
    language = {English}
}

@article{Almuwailhi2023InvestigatingRiyadh,
    title = {{Investigating the cooling of solar photovoltaic modules under the conditions of Riyadh}},
    year = {2023},
    journal = {Journal of King Saud University - Engineering Sciences},
    author = {Almuwailhi, A. and Zeitoun, O.},
    number = {2},
    month = {2},
    pages = {123--136},
    volume = {35},
    publisher = {Elsevier},
    doi = {10.1016/J.JKSUES.2021.03.007},
    issn = {1018-3639},
    keywords = {Active cooling, PV cooling, PV efficiency enhancement, Passive cooling, Photovoltaic},
    language = {English}
}

@article{Sakanova2016InvestigationAircraft,
    title = {{Investigation on weight consideration of liquid coolant system for power electronics converter in future aircraft}},
    year = {2016},
    journal = {Applied Thermal Engineering},
    author = {Sakanova, Assel and Tong, Chin Fong and Nawawi, Arie and Simanjorang, Rejeki and Tseng, K. J. and Gupta, A. K.},
    month = {7},
    pages = {603--615},
    volume = {104},
    publisher = {Elsevier Ltd},
    doi = {10.1016/j.applthermaleng.2016.05.097},
    issn = {13594311},
    keywords = {CFD, Cold plate, Power electronic cooling, Thermal performance},
    language = {English}
}

@article{Wille1960KarmanStreets,
    title = {{K{\'{a}}rm{\'{a}}n Vortex Streets}},
    year = {1960},
    journal = {Advances in Applied Mechanics},
    author = {Wille, R.},
    number = {C},
    month = {1},
    pages = {273--287},
    volume = {6},
    publisher = {Elsevier},
    doi = {10.1016/S0065-2156(08)70113-3},
    issn = {0065-2156}
}

@misc{ETWInternational2024KX2X7/0.2mm,
    title = {{KX Thermocouple Extension Wire (Silicone Rubber Insulated Wire 2X7/0.2mm)}},
    year = {2024},
    booktitle = {ETW International},
    author = {{ETW International}},
    url = {https://etwinternational.com/1-1-21-silicone-rubber-thermocouple-extension-wire181801-61282.html},
    language = {English}
}

@article{Zhou2024Long-termCooling,
    title = {{Long-term outdoor testing of vortex generators for passive PV module cooling}},
    year = {2024},
    journal = {Solar Energy},
    author = {Zhou, Zibo and Gentle, Angus and Mohsenzadeh, Milad and Jiang, Yajie and Keevers, Mark and Green, Martin},
    month = {6},
    pages = {112610},
    volume = {275},
    publisher = {Pergamon},
    doi = {10.1016/J.SOLENER.2024.112610},
    issn = {0038-092X},
    keywords = {Outdoor testing, PV module, Passive cooling, Thermal analysis, Vortex generators},
    language = {English}
}

@incollection{Basu2019MassMeter,
    title = {{Mass Flow Meter}},
    year = {2019},
    booktitle = {Plant Flow Measurement and Control Handbook},
    author = {Basu, Swapan},
    chapter = {6},
    pages = {541--613},
    publisher = {Elsevier},
    url = {https://linkinghub.elsevier.com/retrieve/pii/B9780128124376000068},
    address = {Amsterdam},
    doi = {10.1016/B978-0-12-812437-6.00006-8},
    language = {English}
}

@incollection{Cengel2014NaturalConvection,
    title = {{Natural Convection}},
    year = {2014},
    booktitle = {Heat and Mass Transfer: Fundamentals and Applications},
    author = {{\c{C}}engel, Yunus A. and Ghajar, Afshin J.},
    chapter = {9},
    edition = {5},
    pages = {533--579},
    publisher = {McGraw-Hill},
    address = {New York},
    language = {English}
}

@article{Abdulmunem2021NumericalSink,
    title = {{Numerical and experimental analysis of the tilt angle’s effects on the characteristics of the melting process of PCM-based as PV cell’s backside heat sink}},
    year = {2021},
    journal = {Renewable Energy},
    author = {Abdulmunem, Abdulmunem R. and Mohd Samin, Pakharuddin and Abdul Rahman, Hasimah and Hussien, Hashim A. and Izmi Mazali, Izhari and Ghazali, Habibah},
    month = {8},
    pages = {520--530},
    volume = {173},
    publisher = {Pergamon},
    doi = {10.1016/J.RENENE.2021.04.014},
    issn = {0960-1481},
    keywords = {Convection, Liquid fraction, PCM, PV, Thermal performance, Tilt angle}
}

@article{Wang2023NumericalComponents,
    title = {{Numerical study on the forced convection enhancement of flat-roof integrated photovoltaic by passive components}},
    year = {2023},
    journal = {Energy and Buildings},
    author = {Wang, Yi and Zhao, Tongtong and Cao, Zhixiang and Zhai, Chao and Zhou, Yu and Lv, Wenchao and Xu, Tongyang and Wu, Songheng},
    month = {6},
    pages = {113063},
    volume = {289},
    publisher = {Elsevier},
    doi = {10.1016/J.ENBUILD.2023.113063},
    issn = {0378-7788},
    keywords = {Convective heat exchange, Flat roof building, Photovoltaic cooling, Vortex generator, Wind speed}
}

@article{Baruch1995OnConversion,
    title = {{On some thermodynamic aspects of photovoltaic solar energy conversion}},
    year = {1995},
    journal = {Solar Energy Materials and Solar Cells},
    author = {Baruch, P. and De Vos, A. and Landsberg, P. T. and Parrott, J. E.},
    number = {2},
    month = {2},
    pages = {201--222},
    volume = {36},
    publisher = {North-Holland},
    doi = {10.1016/0927-0248(95)80004-2},
    issn = {0927-0248}
}

@misc{HonsbergOpen-CircuitVoltage,
    title = {{Open-Circuit Voltage}},
    booktitle = {PVEducation},
    author = {Honsberg, Christiana and Bowden, Stuart},
    url = {https://www.pveducation.org/pvcdrom/solar-cell-operation/open-circuit-voltage#footnote3_r1kip45},
    language = {English}
}

@book{Raffel2018ParticleEdition,
    title = {{Particle Image Velocimetry: A Practical Guide (Third Edition)}},
    year = {2018},
    author = {Raffel, Markus and Willert, Christian E and Scarano, Fulvio and K{\"{a}}hler, Christian J and Wereley, Steven T and Kompenhans, Jürgen},
    edition = {3},
    publisher = {Springer International Publishing},
    address = {Cham},
    language = {English}
}

@article{Zhao2018PerformanceModule,
    title = {{Performance analysis of enhanced radiative cooling of solar cells based on a commercial silicon photovoltaic module}},
    year = {2018},
    journal = {Solar Energy},
    author = {Zhao, Bin and Hu, Mingke and Ao, Xianze and Pei, Gang},
    month = {12},
    pages = {248--255},
    volume = {176},
    publisher = {Pergamon},
    doi = {10.1016/J.SOLENER.2018.10.043},
    issn = {0038-092X},
    keywords = {Glass cover, Photovoltaic module, Radiative cooling, Solar cell}
}

@article{Razali2023PerformanceMTFHS,
    title = {{Performance enhancement of photovoltaic modules with passive cooling multidirectional tapered fin heat sinks (MTFHS)}},
    year = {2023},
    journal = {Case Studies in Thermal Engineering},
    author = {Razali, Siti Nuraisyah and Ibrahim, Adnan and Fazlizan, Ahmad and Fauzan, Mohd Faizal and Ajeel, Raheem K. and Zairah Ahmad, Emy and Ewe, Win Eng and Kazem, Hussein A.},
    month = {10},
    pages = {103400},
    volume = {50},
    publisher = {Elsevier},
    doi = {10.1016/J.CSITE.2023.103400},
    issn = {2214-157X},
    keywords = {Multidirectional tapered fins, Passive cooling, Performance enhancement, Temperature reduction}
}

@article{Hussain2023Phase,
    title = {{Phase Change Material for the Cooling of Solar Panels—An Experimental Study †}},
    year = {2023},
    journal = {Engineering Proceedings},
    author = {Hussain, Bilal and Malik, Huzaifa Waseem and Hasnain, Fakhar Ul and Irfan, Muhammad},
    number = {1},
    volume = {45},
    publisher = {Multidisciplinary Digital Publishing Institute (MDPI)},
    doi = {10.3390/engproc2023045043},
    issn = {26734591},
    keywords = {PV panel cooling, efficiency, phase change material, solar energy}
}

@misc{KhanAcademyPhotoelectricEffect,
    title = {{Photoelectric Effect}},
    booktitle = {Khan Academy},
    author = {{Khan Academy}},
    url = {https://www.khanacademy.org/science/modern-physics-essentials/x1bb01bdec712d446:why-light-and-matter-are-two-faced/x1bb01bdec712d446:einstein-s-elegant-equation-to-decode-the-photoelectric-effect/a/photoelectric-effect},
    language = {English}
}

@misc{ScienceABC2023PhotoelectricBeginners,
    title = {{Photoelectric Effect Explained in Simple Words for Beginners}},
    year = {2023},
    booktitle = {Science ABC},
    author = {{Science ABC}},
    month = {10},
    url = {https://www.youtube.com/watch?v=H-FyOpURPXI},
    language = {English}
}

@misc{EnelGreenPowerPhotovoltaicModule,
    title = {{Photovoltaic module}},
    booktitle = {Enel Green Power},
    author = {{Enel Green Power}},
    url = {https://www.enelgreenpower.com/learning-hub/renewable-energies/solar-energy/photovoltaic-module},
    language = {English}
}

@article{Kumar2024QualitativeReview,
    title = {{Qualitative and quantitative investigations of temperature distribution, heat flow, and heat transfer parameters from the heated objects using lensless Fourier transform digital holography: A review}},
    year = {2024},
    journal = {Optics and Laser Technology},
    author = {Kumar, Varun and Shakher, Chandra},
    month = {1},
    volume = {168},
    publisher = {Elsevier Ltd},
    doi = {10.1016/j.optlastec.2023.109918},
    issn = {00303992},
    keywords = {Combustion, Convective heat transfer coefficient, Digital holographic interferometry, Heat flux, Heat transfer, Temperature}
}

@article{Levy2006RapidApplications,
    title = {{Rapid and precise calculations of energy and particle flux for detailed-balance photovoltaic applications}},
    year = {2006},
    journal = {Solid-State Electronics},
    author = {Levy, Michael Y. and Honsberg, Christiana},
    number = {7-8},
    month = {7},
    pages = {1400--1405},
    volume = {50},
    publisher = {Pergamon},
    doi = {10.1016/J.SSE.2006.06.017},
    issn = {0038-1101},
    keywords = {Bose-Einstein, Detailed-balance, Flux, Photovoltaic, Riemann zeta, Solar cell},
    language = {English}
}

@article{Suresh2018RoleEfficiency,
    title = {{Role on nanofluids in cooling solar photovoltaic cell to enhance overall efficiency}},
    year = {2018},
    journal = {Materials Today: Proceedings},
    author = {Suresh, Ashij K. and Khurana, Sahil and Nandan, Gopal and Dwivedi, Gaurav and Kumar, Satish},
    number = {9},
    month = {1},
    pages = {20614--20620},
    volume = {5},
    publisher = {Elsevier},
    doi = {10.1016/J.MATPR.2018.06.442},
    issn = {2214-7853},
    keywords = {Electrical conversion efficiency, Nanofluids, Overall efficiency, Solar Photovoltaics, Thermal conductivity},
    language = {English}
}

@misc{HonsbergShort-CircuitCurrent,
    title = {{Short-Circuit Current}},
    booktitle = {PVEducation},
    author = {Honsberg, Christiana and Bowden, Stuart},
    url = {https://www.pveducation.org/pvcdrom/solar-cell-operation/short-circuit-current},
    language = {English}
}

@misc{HonsbergSolarEfficiency,
    title = {{Solar Cell Efficiency}},
    booktitle = {PVEducation},
    author = {Honsberg, Christiana and Bowden, Stuart},
    url = {https://www.pveducation.org/pvcdrom/solar-cell-operation/solar-cell-efficiency},
    language = {English}
}

@techreport{Green1981SolarExpressions,
    title = {{Solar cell fill factors: General graph and empirical expressions}},
    year = {1981},
    booktitle = {2. I. Ishiwara and S. Furukawa. Trans. Instit. Electron. Com-mm. Engrs. Jap},
    author = {Green, Martin A},
    number = {8},
    month = {1},
    pages = {788},
    volume = {24},
    institution = {University of New South Wales},
    address = {Sydney},
    language = {English}
}

@article{Gupta2020SolarVehicle,
    title = {{Solar EV Chargers and Super Flow Batteries for an Efficient Electric Vehicle}},
    year = {2020},
    journal = {International Research Journal of Engineering and Technology},
    author = {Gupta, Paarth and Mata Vaishno, Shri},
    issn = {2395-0072},
    keywords = {EV chargers, Photovoltaics, Solar PV, Solar power generation, electric vehicles, energy storage},
    language = {English}
}

@misc{U.S.DEPARTMENTofENERGYSolarBasics,
    title = {{Solar Photovoltaic Cell Basics}},
    booktitle = {U.S. DEPARTMENT of ENERGY},
    author = {{U.S. DEPARTMENT of ENERGY}},
    url = {https://www.energy.gov/eere/solar/solar-photovoltaic-cell-basics#:~:text=Silicon%20is%2C%20by%20far%2C%20the,semiconductor%20used%20in%20computer%20chips.},
    language = {English}
}

@misc{U.S.DEPARTMENTofENERGY2024SolarBasics,
    title = {{Solar Photovoltaic Technology Basics}},
    year = {2024},
    booktitle = {U.S. DEPARTMENT of ENERGY},
    author = {{U.S. DEPARTMENT of ENERGY}},
    month = {11},
    url = {https://www.energy.gov/eere/solar/solar-photovoltaic-technology-basics},
    language = {English}
}

@techreport{Zhou2024SpacingConvection,
    title = {{Spacing Effect of Vortex Generator Array on PV Module Cooling in Forced Convection}},
    year = {2024},
    author = {Zhou, Ziao},
    month = {11},
    institution = {University of New South Wales},
    address = {Sydney},
    language = {English}
}

@inproceedings{Dubey2013TemperatureReview,
    title = {{Temperature dependent photovoltaic (PV) efficiency and its effect on PV production in the world - A review}},
    year = {2013},
    booktitle = {Energy Procedia},
    author = {Dubey, Swapnil and Sarvaiya, Jatin Narotam and Seshadri, Bharath},
    pages = {311--321},
    volume = {33},
    publisher = {Elsevier Ltd},
    address = {Nanyang},
    doi = {10.1016/j.egypro.2013.05.072},
    issn = {18766102},
    keywords = {Efficiency, Photovoltaic, Solar energy, Temperature coefficient},
    language = {English}
}

@techreport{Chaudhury2024TheConvection,
    title = {{The cooling effects of vortex generators to increase efficiency on Photovoltaic modules under forced convection}},
    year = {2024},
    author = {Chaudhury, Ishan Ray},
    month = {4},
    institution = {University of New South Wales},
    address = {Sydney},
    language = {English}
}

@article{Asl-Soleimani2001TheTehran,
    title = {{The effect of tilt angle, air pollution on performance of photovoltaic systems in Tehran}},
    year = {2001},
    journal = {Renewable Energy},
    author = {Asl-Soleimani, E. and Farhangi, S. and Zabihi, M. S.},
    number = {3-4},
    month = {11},
    pages = {459--468},
    volume = {24},
    publisher = {Pergamon},
    doi = {10.1016/S0960-1481(01)00029-5},
    issn = {0960-1481},
    keywords = {Air pollution, PV system optimization, PV system performance, PV system planning}
}

@techreport{Il1931TheSemi-Conductors,
    title = {{The Theory of Electronic Semi-Conductors}},
    year = {1931},
    author = {Il, A H W},
    month = {6},
    pages = {458--491},
    url = {https://royalsocietypublishing.org/},
    institution = {Emmanuel College, University of Cambridge},
    address = {Cambridge},
    language = {English}
}

@misc{OmegaEngineeringThermocouplesEngineering,
    title = {{Thermocouples | OMEGA Engineering}},
    booktitle = {Omega Engineering},
    author = {{Omega Engineering}},
    url = {https://au.omega.com/prodinfo/thermocouples.html#:~:text=A%20thermocouple%20is%20a%20sensor,device%20at%20the%20other%20end.},
    language = {English}
}

@article{Zohuri2020ThermosyphonApplications,
    title = {{Thermosyphon and heat pipe applications}},
    year = {2020},
    journal = {Functionality, Advancements and Industrial Applications of Heat Pipes},
    author = {Zohuri, Bahman},
    pages = {307--344},
    publisher = {Elsevier},
    url = {https://www.sciencedirect.com/topics/chemical-engineering/natural-convection},
    doi = {10.1016/B978-0-12-819819-3.00006-7},
    language = {English}
}

@article{Song2020UltrahighRegime,
    title = {{Ultrahigh emissivity of grating-patterned PDMS film from 8 to 13 {$\mu$} m wavelength regime}},
    year = {2020},
    journal = {Applied Physics Letters},
    author = {Song, Jaeman and Seo, Junyong and Han, Jihye and Lee, Jungchul and Lee, Bong Jae},
    number = {9},
    month = {8},
    volume = {117}
}

@article{Atkins2016VelocityPIV,
    title = {{Velocity Field Measurement Using Particle Image Velocimetry (PIV)}},
    year = {2016},
    journal = {Application of Thermo-Fluidic Measurement Techniques: An Introduction},
    author = {Atkins, M. D.},
    month = {7},
    pages = {125--166},
    publisher = {Elsevier},
    isbn = {9780128098745},
    doi = {10.1016/B978-0-12-809731-1.00005-8},
    keywords = {Illumination, Laser, PIV, Particle tracer, Velocity field},
    language = {English}
}